<collection xmlns="http://www.loc.gov/MARC21/slim">
   <record>
      <leader>04271cam a2200541 i 4500</leader>
      <controlfield tag="001">6804967</controlfield>
      <controlfield tag="003">OCoLC</controlfield>
      <controlfield tag="005">20150501121309.0</controlfield>
      <controlfield tag="008">140718s2015    miua   j b    001 0 eng  </controlfield>
      <datafield ind1=" " ind2=" " tag="010">
         <subfield code="a">  2014026089</subfield>
      </datafield>
      <datafield ind1=" " ind2=" " tag="020">
         <subfield code="a">9780737772944</subfield>
         <subfield code="q">hardcover</subfield>
      </datafield>
      <datafield ind1=" " ind2=" " tag="020">
         <subfield code="a">0737772948</subfield>
         <subfield code="q">hardcover</subfield>
      </datafield>
      <datafield ind1=" " ind2=" " tag="020">
         <subfield code="a">9780737772951</subfield>
         <subfield code="q">pbk.</subfield>
      </datafield>
      <datafield ind1=" " ind2=" " tag="020">
         <subfield code="a">0737772956</subfield>
         <subfield code="q">pbk.</subfield>
      </datafield>
      <datafield ind1=" " ind2=" " tag="035">
         <subfield code="a">ocn884139602</subfield>
      </datafield>
      <datafield ind1=" " ind2=" " tag="037">
         <subfield code="a">1379521</subfield>
         <subfield code="b">QBI</subfield>
      </datafield>
      <datafield ind1=" " ind2=" " tag="039">
         <subfield code="a">exclude</subfield>
      </datafield>
      <datafield ind1=" " ind2=" " tag="040">
         <subfield code="a">DLC</subfield>
         <subfield code="e">rda</subfield>
         <subfield code="b">eng</subfield>
         <subfield code="c">DLC</subfield>
         <subfield code="d">QBX</subfield>
         <subfield code="d">BDX</subfield>
         <subfield code="d">YDXCP</subfield>
         <subfield code="d">BTCTA</subfield>
         <subfield code="d">IBI</subfield>
         <subfield code="d">OCLCO</subfield>
         <subfield code="d">OCLCF</subfield>
         <subfield code="d">THD</subfield>
         <subfield code="d">VF#</subfield>
         <subfield code="d">AEU</subfield>
      </datafield>
      <datafield ind1=" " ind2=" " tag="042">
         <subfield code="a">pcc</subfield>
      </datafield>
      <datafield ind1=" " ind2=" " tag="043">
         <subfield code="a">n-us---</subfield>
      </datafield>
      <datafield ind1="0" ind2="0" tag="050">
         <subfield code="a">HV5760</subfield>
         <subfield code="b">.T623 2015</subfield>
      </datafield>
      <datafield ind1="0" ind2="0" tag="082">
         <subfield code="a">362.29/6</subfield>
         <subfield code="2">23</subfield>
      </datafield>
      <datafield ind1="1" ind2="4" tag="082">
         <subfield code="a">362.29</subfield>
         <subfield code="2">15</subfield>
      </datafield>
      <datafield ind1=" " ind2=" " tag="090">
         <subfield code="a">362.29 ESP TOB</subfield>
         <subfield code="b">ACHCU</subfield>
      </datafield>
      <datafield ind1=" " ind2=" " tag="090">
         <subfield code="a">HV5760 .T623 2015</subfield>
         <subfield code="b">AEGMCT</subfield>
      </datafield>
      <datafield ind1="0" ind2=" " tag="130">
         <subfield code="a">Tobacco and smoking (Opposing viewpoints series (Unnumbered) : 2015)</subfield>
      </datafield>
      <datafield ind1="1" ind2="0" tag="245">
         <subfield code="a">Tobacco and smoking /</subfield>
         <subfield code="c">Roman Espejo, book editor.</subfield>
      </datafield>
      <datafield ind1=" " ind2="1" tag="264">
         <subfield code="a">Farmington Hills, Mich. :</subfield>
         <subfield code="b">Greenhaven Press, a part of Gale, Cengage Learning,</subfield>
         <subfield code="c">[2015]</subfield>
      </datafield>
      <datafield ind1=" " ind2=" " tag="300">
         <subfield code="a">242 pages :</subfield>
         <subfield code="b">illustrations ;</subfield>
         <subfield code="c">24 cm</subfield>
      </datafield>
      <datafield ind1=" " ind2=" " tag="336">
         <subfield code="a">text</subfield>
         <subfield code="b">txt</subfield>
         <subfield code="2">rdacontent</subfield>
         <subfield code="0">http://id.loc.gov/vocabulary/contentTypes/txt</subfield>
      </datafield>
      <datafield ind1=" " ind2=" " tag="337">
         <subfield code="a">unmediated</subfield>
         <subfield code="b">n</subfield>
         <subfield code="2">rdamedia</subfield>
         <subfield code="0">http://id.loc.gov/vocabulary/mediaTypes/n</subfield>
      </datafield>
      <datafield ind1=" " ind2=" " tag="338">
         <subfield code="a">volume</subfield>
         <subfield code="b">nc</subfield>
         <subfield code="2">rdacarrier</subfield>
         <subfield code="0">http://id.loc.gov/vocabulary/carriers/nc</subfield>
      </datafield>
      <datafield ind1="1" ind2=" " tag="490">
         <subfield code="a">Opposing viewpoints</subfield>
      </datafield>
      <datafield ind1=" " ind2=" " tag="504">
         <subfield code="a">Includes bibliographical references (pages 227-229) and index.</subfield>
      </datafield>
      <datafield ind1="0" ind2="0" tag="505">
         <subfield code="t">Tobacco use is a serious problem /</subfield>
         <subfield code="r">US Department of Health and Human Services --</subfield>
         <subfield code="t">Tobacco sales are declining /</subfield>
         <subfield code="r">Federal Trade Commission --</subfield>
         <subfield code="t">Teen smoking is a serious problem /</subfield>
         <subfield code="r">American Cancer Society --</subfield>
         <subfield code="t">Teen smoking is declining /</subfield>
         <subfield code="r">L. D. Johnston ... [and others] --</subfield>
         <subfield code="t">Secondhand smoke is dangerous /</subfield>
         <subfield code="r">Frances Robert Lato --</subfield>
         <subfield code="t">The dangers of secondhand smoke are exaggerated /</subfield>
         <subfield code="r">Edmund Contoski --</subfield>
         <subfield code="t">Increasing tobacco taxes would reduce tobacco use /</subfield>
         <subfield code="r">Campaign for Tobacco-Free Kids --</subfield>
         <subfield code="t">Increasing tobacco taxes would have unintended consequences /</subfield>
         <subfield code="r">Diana Oprinescu --</subfield>
         <subfield code="t">Protect people from tobacco smoke /</subfield>
         <subfield code="r">World Health Organization --</subfield>
         <subfield code="t">Smoking bans are misleading /</subfield>
         <subfield code="r">Ronald Bayer, as told to Sarah Clune --</subfield>
         <subfield code="t">Raise the smoking age to 21 /</subfield>
         <subfield code="r">John Kruzel --</subfield>
         <subfield code="t">Raising the smoking age to 21 is pointless /</subfield>
         <subfield code="r">Eric Levenson --</subfield>
         <subfield code="t">Time for e-cigarette regulation /</subfield>
         <subfield code="r">Lancet Oncology --</subfield>
         <subfield code="t">Smoking kills, and so might e-cigarette regulation /</subfield>
         <subfield code="r">Gilbert Ross --</subfield>
         <subfield code="t">It is too early to federally regulate e-cigarettes /</subfield>
         <subfield code="r">Thomas A. Hemphill --</subfield>
         <subfield code="t">It is too early to determine e-cigarettes as a safe alternative to smoking /</subfield>
         <subfield code="r">Christopher Wanjek --</subfield>
         <subfield code="t">Smokeless tobacco is a safer alternative to smoking /</subfield>
         <subfield code="r">Carl V. Phillips --</subfield>
         <subfield code="t">Smokeless tobacco should be included in smoking bans /</subfield>
         <subfield code="r">Centers for Disease Control and Prevention --</subfield>
         <subfield code="t">Tobacco marketing influences youth smoking /</subfield>
         <subfield code="r">Center for Public Health and Tobacco Policy --</subfield>
         <subfield code="t">Tobacco marketing does not influence youth smoking /</subfield>
         <subfield code="r">Patrick Basham --</subfield>
         <subfield code="t">Smoking in movies influences youth smoking /</subfield>
         <subfield code="r">Smoke Free Movies --</subfield>
         <subfield code="t">Smoking in movies should not be censored /</subfield>
         <subfield code="r">Ruby Hamad --</subfield>
         <subfield code="t">Tobacco companies do not promote smoking in movies /</subfield>
         <subfield code="r">Philip Morris USA --</subfield>
         <subfield code="t">Plain packets will remove the appeal of smoking for young women /</subfield>
         <subfield code="r">University of Western Sydney --</subfield>
         <subfield code="t">Plain tobacco packaging would have unintended consequences /</subfield>
         <subfield code="r">Michel Kelly-Gagnon and Youri Chassin.</subfield>
      </datafield>
      <datafield ind1=" " ind2=" " tag="596">
         <subfield code="a">23 55</subfield>
      </datafield>
      <datafield ind1=" " ind2="0" tag="650">
         <subfield code="a">Smoking</subfield>
         <subfield code="z">United States</subfield>
         <subfield code="v">Juvenile literature.</subfield>
      </datafield>
      <datafield ind1=" " ind2="0" tag="650">
         <subfield code="a">Smoking</subfield>
         <subfield code="x">Health aspects</subfield>
         <subfield code="z">United States</subfield>
         <subfield code="v">Juvenile literature.</subfield>
      </datafield>
      <datafield ind1=" " ind2="0" tag="650">
         <subfield code="a">Tobacco use</subfield>
         <subfield code="z">United States</subfield>
         <subfield code="v">Juvenile literature.</subfield>
      </datafield>
      <datafield ind1=" " ind2="0" tag="650">
         <subfield code="a">Teenagers</subfield>
         <subfield code="x">Tobacco use</subfield>
         <subfield code="z">United States</subfield>
         <subfield code="v">Juvenile literature.</subfield>
      </datafield>
      <datafield ind1="1" ind2=" " tag="700">
         <subfield code="a">Espejo, Roman,</subfield>
         <subfield code="d">1977-</subfield>
         <subfield code="e">editor.</subfield>
         <subfield code="0">http://id.loc.gov/authorities/names/n2001094323</subfield>
         <subfield code="0">http://viaf.org/viaf/119906343</subfield>
      </datafield>
      <datafield ind1=" " ind2=" " tag="758">
         <subfield code="0">http://worldcat.org/entity/work/id/6277770</subfield>
      </datafield>
      <datafield ind1="0" ind2=" " tag="787">
         <subfield code="n">OCLC Work Id</subfield>
         <subfield code="o">http://worldcat.org/entity/work/id/6277770</subfield>
      </datafield>
      <datafield ind1=" " ind2="0" tag="830">
         <subfield code="a">Opposing viewpoints series (Unnumbered)</subfield>
         <subfield code="0">http://id.loc.gov/authorities/names/n83729248</subfield>
      </datafield>
      <datafield ind1=" " ind2=" " tag="949">
         <subfield code="a">HV5760 .T623 2015</subfield>
         <subfield code="h">GMAC-OS-B</subfield>
         <subfield code="i">1007765751</subfield>
         <subfield code="p">54.48</subfield>
         <subfield code="k">AVAIL_SOON</subfield>
      </datafield>
      <datafield ind1="1" ind2=" " tag="029">
         <subfield code="a">AU@</subfield>
         <subfield code="b">000054360685</subfield>
      </datafield>
      <datafield ind1=" " ind2=" " tag="926">
         <subfield code="a">HV5760 .T623 2015</subfield>
         <subfield code="w">LC</subfield>
         <subfield code="c">1</subfield>
         <subfield code="i">1007765751</subfield>
         <subfield code="d">5/29/2015</subfield>
         <subfield code="l">ON_SHELF</subfield>
         <subfield code="m">GR_MAC_ACC</subfield>
         <subfield code="p">$54.48</subfield>
         <subfield code="r">Y</subfield>
         <subfield code="s">Y</subfield>
         <subfield code="t">BOOK</subfield>
         <subfield code="u">5/12/2015</subfield>
      </datafield>
      <datafield ind1=" " ind2=" " tag="926">
         <subfield code="a">362.29 ESP TOB</subfield>
         <subfield code="w">DEWEY</subfield>
         <subfield code="c">1</subfield>
         <subfield code="i">32860001079812</subfield>
         <subfield code="l">CURRICULUM</subfield>
         <subfield code="m">BURMAN</subfield>
         <subfield code="r">Y</subfield>
         <subfield code="s">Y</subfield>
         <subfield code="t">LOCAL_LOAN</subfield>
         <subfield code="u">3/8/2016</subfield>
      </datafield>
   </record>
</collection>
